@article{chase2001end,
  title={End system optimizations for high-speed TCP},
  author={Chase, Jeffrey S and Gallatin, Andrew J and Yocum, Kenneth G},
  journal={Communications Magazine, IEEE},
  volume={39},
  number={4},
  pages={68--74},
  year={2001},
  publisher={IEEE}
}

@article{braden1989computing,
  title={Computing the internet checksum},
  author={Braden, Robert and Borman, David and Partridge, Craig},
  journal={ACM SIGCOMM Computer Communication Review},
  volume={19},
  number={2},
  pages={86--94},
  year={1989},
  publisher={ACM}
}

@article{mallory1990incremental,
  title={Incremental updating of the Internet checksum},
  author={Mallory, Tracy and Kullberg, A},
  year={1990}
}

@article{rijsinghani1994computation,
  title={Computation of the internet checksum via incremental update},
  author={Rijsinghani, Anil},
  year={1994}
}

@inproceedings{kleinpaste1995software,
  title={Software support for outboard buffering and checksumming},
  author={Kleinpaste, Karl and Steenkiste, Peter and Zill, Brian},
  booktitle={ACM SIGCOMM Computer Communication Review},
  volume={25},
  number={4},
  pages={87--98},
  year={1995},
  organization={ACM}
}

@article{henriksson2002vlsi,
  title={VLSI implementation of Internet checksum calculation for 10 gigabit Ethernet},
  author={Henriksson, Tomas and Persson, Niklas and Liu, Dake},
  journal={Proceedings of Design and Diganostics of Electronics, Cricuits and Systems},
  pages={114--121},
  year={2002}
}

@inproceedings{chu1996zero,
  title={Zero-copy TCP in Solaris},
  author={Chu, Hsiao-keng Jerry},
  booktitle={Proceedings of the 1996 annual conference on USENIX Annual Technical Conference},
  pages={21--21},
  year={1996},
  organization={Usenix Association}
}

@article{dalton1993afterburner,
  title={Afterburner (network-independent card for protocols)},
  author={Dalton, Chris and Watson, Greg and Banks, David and Calamvokis, Costas and Edwards, Aled and Lumley, John},
  journal={Network, IEEE},
  volume={7},
  number={4},
  pages={36--43},
  year={1993},
  publisher={IEEE}
}

@inproceedings{druschel1994fbufs,
  title={Fbufs: A high-bandwidth cross-domain transfer facility},
  author={Druschel, Peter and Peterson, Larry L},
  booktitle={ACM SIGOPS Operating Systems Review},
  volume={27},
  number={5},
  pages={189--202},
  year={1994},
  organization={ACM}
}

@article{buzzard1996implementation,
  title={An implementation of the Hamlyn sender-managed interface architecture},
  author={Buzzard, Greg and Jacobson, David and Mackey, Milon and Marovich, Scott and Wilkes, John},
  journal={ACM SIGOPS Operating Systems Review},
  volume={30},
  number={si},
  pages={245--259},
  year={1996}
}

@inproceedings{rodrigues1997high,
  title={High-performance local area communication with fast sockets},
  author={Rodrigues, Steven H and Anderson, Thomas E and Culler, David E},
  booktitle={Proceedings of the annual conference on USENIX Annual Technical Conference},
  pages={20--20},
  year={1997}
}

@techreport{recio2005rdma,
  title={An RDMA protocol specification},
  author={Recio, Ro and Culley, P and Garcia, D and Hilland, J and Metzler, B},
  year={2005},
  institution={IETF Internet-draft draft-ietf-rddp-rdmap-03. txt (work in progress)}
}

@inproceedings{mogul2003tcp,
  title={TCP Offload Is a Dumb Idea Whose Time Has Come.},
  author={Mogul, Jeffrey C},
  booktitle={HotOS},
  pages={25--30},
  year={2003}
}

@inproceedings{romanow2003overview,
  title={An Overview of RDMA over IP},
  author={Romanow, Allyn and Bailey, Stephen},
  booktitle={Proceedings of the First International Workshop on Protocols for Fast Long-Distance Networks (PFLDnet 2003)},
  year={2003}
}

@techreport{erdogan2003design,
  title={Design and implementation of RDMA as a best-efforts service and providing reliability over it},
  author={Erdogan, Ozgun and Patel, Priyank K},
  year={2003},
  institution={Technical Report, 2003. http://www. stanford. edu/\~{} priyank9/projects}
}

@article{sola2003udp,
  title={UDP, TCP, and IP Fragmentation Analysis and Its Importance in TOE Devices},
  author={Sol{\'a}-Sloan, Juan M},
  journal={2003},
  publisher={Citeseer}
}

@article{rangarajan2002tcp,
  title={TCP servers: Offloading TCP processing in internet servers. design, implementation and performance},
  author={Rangarajan, Murali and Bohra, Aniruddha and Banerjee, Kalpana and Carrera, Enrique V and Bianchini, Ricardo and Iftode, Liviu and Zwaenepoel, Willy},
  journal={Computer Science Department, Rutgers University},
  year={2002}
}

@misc{stevens1994tcp,
  title={TCP/IP illustrated: the implementation, vol. 2},
  author={Stevens, W Richard and Wright, Gary R},
  year={1994},
  publisher={Reading, Massachusetts: Addison-Wesley}
}

@article{mosberger1996analysis,
  title={Analysis of techniques to improve protocol processing latency},
  author={Mosberger, David and Peterson, Larry L and Bridges, Patrick G and O'Malley, Sean},
  journal={ACM SIGCOMM Computer Communication Review},
  volume={26},
  number={4},
  pages={73--84},
  year={1996},
  publisher={ACM}
}

@article{yocum1997balancing,
  title={Balancing DMA Lantency and Bandwidth in a High-Speed Network Adapter},
  author={Yocum, Kenneth G and Anderson, Darrell C and Chase, Jeffrey S and Gadde, Syam and Gallatin, Andrew J and Lebeck, Alvin R},
  year={1997},
  publisher={Citeseer}
}

@article{kaiserwerth1993parallel,
  title={The parallel protocol engine},
  author={Kaiserwerth, Matthias},
  journal={Networking, IEEE/ACM Transactions on},
  volume={1},
  number={6},
  pages={650--663},
  year={1993},
  publisher={IEEE}
}

@article{nordqvist2002comparative,
  title={A comparative study of protocol processors},
  author={Nordqvist, Ulf and Liu, DK},
  journal={Proc. of CCSSE},
  year={2002}
}

@article{minturn2003addressing,
  title={Addressing TCP/IP Processing Challenges Using the IA and IXP Processors.},
  author={Minturn, Dave and Regnier, Greg and Krueger, Jon and Iyer, Ravishankar and Makineni, Srihari},
  journal={Intel Technology Journal},
  volume={7},
  number={4},
  year={2003}
}

@inproceedings{dong2011optimizing,
  title={Optimizing network I/O virtualization with efficient interrupt coalescing and virtual receive side scaling},
  author={Dong, Yaozu and Xu, Dongxiao and Zhang, Yang and Liao, Guangdeng},
  booktitle={Cluster Computing (CLUSTER), 2011 IEEE International Conference on},
  pages={26--34},
  year={2011},
  organization={IEEE}
}

@inproceedings{mapp1997design,
  title={The design and implementation of a high-speed user-space transport protocol},
  author={Mapp, Glenford and Pope, Stevge and Hopper, Andy},
  booktitle={Global Telecommunications Conference, 1997. GLOBECOM'97., IEEE},
  volume={3},
  pages={1958--1962},
  year={1997},
  organization={IEEE}
}

@article{thekkath1993implementing,
  title={Implementing network protocols at user level},
  author={Thekkath, Chandramohan A and Nguyen, Thu D and Moy, Evelyn and Lazowska, Edward D},
  journal={IEEE/ACM Transactions on Networking (TON)},
  volume={1},
  number={5},
  pages={554--565},
  year={1993},
  publisher={IEEE Press}
}

@book{edwards1995experiences,
  title={Experiences implementing a high performance TCP in user-space},
  author={Edwards, Aled and Muir, Steve},
  volume={25},
  number={4},
  year={1995},
  publisher={ACM}
}

@inproceedings{shivam2001emp,
  title={EMP: zero-copy OS-bypass NIC-driven gigabit ethernet message passing},
  author={Shivam, Piyush and Wyckoff, Pete and Panda, Dhabaleswar},
  booktitle={Supercomputing, ACM/IEEE 2001 Conference},
  pages={49--49},
  year={2001},
  organization={IEEE}
}

@article{yeh2002introduction,
  title={Introduction to TCP/IP offload engine (TOE)},
  author={Yeh, Eric and Chao, Herman and Mannem, Venu and Gervais, Joe and Booth, Bradley},
  journal={10 Gigabit Ethernet Alliance (10GEA)},
  year={2002}
}

@article{altman2000tcp,
  title={TCP in presence of bursty losses},
  author={Altman, Eitan and Avrachenkov, Konstantin and Barakat, Chadi},
  journal={Performance evaluation},
  volume={42},
  number={2},
  pages={129--147},
  year={2000},
  publisher={Elsevier}
}

@inproceedings{henriksson2002embedded,
  title={Embedded protocol processor for fast and efficient packet reception},
  author={Henriksson, Tomas and Nordqvist, Ulf and Liu, Dake},
  booktitle={Computer Design: VLSI in Computers and Processors, 2002. Proceedings. 2002 IEEE International Conference on},
  pages={414--419},
  year={2002},
  organization={IEEE}
}

@article{ang2001evaluation,
  title={An evaluation of an attempt at offloading TCP/IP protocol processing onto an i960RN-based iNIC},
  author={Ang, Boon S},
  journal={Computer Systems and Technology Laboratory, HP Laboratories},
  year={2001}
}

@incollection{shah1999high,
  title={High performance sockets and RPC over virtual interface (VI) architecture},
  author={Shah, Hemal V and Pu, Calton and Madukkarumukumana, Rajesh S},
  booktitle={Network-Based Parallel Computing. Communication, Architecture, and Applications},
  pages={91--107},
  year={1999},
  publisher={Springer}
}

@inproceedings{kim2001sovia,
  title={SOVIA: a user-level sockets layer over Virtual Interface Architecture},
  author={Kim, Jin-Soo and Kim, Kangho and Jung, Sung-In},
  booktitle={cluster},
  pages={399},
  year={2001},
  organization={IEEE}
}

@inproceedings{feng2005performance,
  title={Performance characterization of a 10-Gigabit Ethernet TOE},
  author={Feng, Wu-chun and Balaji, Pavan and Baron, Chris and Bhuyan, Laxmi N and Panda, Dhabaleswar K},
  booktitle={High Performance Interconnects, 2005. Proceedings. 13th Symposium on},
  pages={58--63},
  year={2005},
  organization={IEEE}
}

@inproceedings{kim2006tcp,
  title={TCP offload through connection handoff},
  author={Kim, Hyong-youb and Rixner, Scott},
  booktitle={ACM SIGOPS Operating Systems Review},
  volume={40},
  number={4},
  pages={279--290},
  year={2006},
  organization={ACM}
}

@misc{connery1999offload,
  title={Offload of TCP segmentation to a smart adapter},
  author={Connery, Glenn William and Sherer, W Paul and Jaszewski, Gary and Binder, James S},
  year={1999},
  month=aug # "~10",
  publisher={Google Patents},
  note={US Patent 5,937,169}
}

@inproceedings{padioleau2006understanding,
  title={Understanding collateral evolution in Linux device drivers},
  author={Padioleau, Yoann and Lawall, Julia L and Muller, Gilles},
  booktitle={ACM SIGOPS Operating Systems Review},
  volume={40},
  number={4},
  pages={59--71},
  year={2006},
  organization={ACM}
}

@inproceedings{grossman2005large,
  title={Large receive offload implementation in neterion 10GbE Ethernet driver},
  author={Grossman, Leonid},
  booktitle={Linux Symposium},
  pages={195},
  year={2005}
}

@misc{theman2007lro,
  title={lro: Generic Large Receive Offload for TCP traffic},
  author={Theman, JB},
  year={2007}
}

@article{hatori2008implementation,
  title={Implementation and analysis of large receive offload in a virtualized system},
  author={Hatori, Takayuki and Oi, Hitoshi},
  journal={Proceedings of the Virtualization Performance: Analysis, Characterization, and Tools (VPACT’08)},
  year={2008},
  publisher={Citeseer}
}

@article{danowitz2012cpu,
  title={CPU DB: recording microprocessor history},
  author={Danowitz, Andrew and Kelley, Kyle and Mao, James and Stevenson, John P and Horowitz, Mark},
  journal={Communications of the ACM},
  volume={55},
  number={4},
  pages={55--63},
  year={2012},
  publisher={ACM}
}

 @misc{wikiddr2,
   author={Wikipedia},
   title={DDR2 SDRAM --- Wikipedia, The Free Encyclopedia},
   year={2016},
   url={https://en.wikipedia.org/w/index.php?title=DDR2_SDRAM&oldid=713378746},
   note={[Online; accessed 17-May-2016]}
 }

 @misc{wikiddr4,
   author={Wikipedia},
   title={DDR4 SDRAM --- Wikipedia, The Free Encyclopedia},
   year={2016},
   url={https://en.wikipedia.org/w/index.php?title=DDR4_SDRAM&oldid=713478122},
   note={[Online; accessed 17-May-2016]}
 }

@inproceedings{antichi2013implementation,
  title={Implementation of TCP large receive offload on open hardware platform},
  author={Antichi, Gianni and Callegari, Christian and Giordano, Stefano},
  booktitle={Proceedings of the first edition workshop on High performance and programmable networking},
  pages={15--22},
  year={2013},
  organization={ACM}
}
